<record><leader>00000cas a2200000 a 4500</leader><controlfield tag="001">16818121</controlfield><controlfield tag="008">871006d19171960iludn ne      0   a0eng c</controlfield><datafield ind1=" " ind2=" " tag="010"><subfield code="a">sn 93062963 </subfield></datafield><datafield ind1=" " ind2=" " tag="040"><subfield code="a">WIH</subfield><subfield code="b">eng</subfield><subfield code="c">WIH</subfield><subfield code="d">YOX</subfield><subfield code="d">NVF</subfield><subfield code="d">CRL</subfield><subfield code="d">MHN</subfield><subfield code="d">CVF</subfield><subfield code="d">NVF</subfield><subfield code="d">KRTAS</subfield><subfield code="d">NVF</subfield><subfield code="d">OCLCQ</subfield><subfield code="d">NVF</subfield><subfield code="d">OCLCF</subfield><subfield code="d">CRL</subfield><subfield code="d">OCL</subfield><subfield code="d">OCLCO</subfield></datafield><datafield ind1="1" ind2=" " tag="029"><subfield code="a">AU@</subfield><subfield code="b">000021677848</subfield></datafield><datafield ind1=" " ind2=" " tag="042"><subfield code="a">pcc</subfield></datafield><datafield ind1=" " ind2=" " tag="043"><subfield code="a">n-us---</subfield><subfield code="a">n-us-il</subfield></datafield><datafield ind1="0" ind2=" " tag="130"><subfield code="a">Chicago daily drovers journal (Chicago, Ill. : 1917)</subfield></datafield><datafield ind1="1" ind2="0" tag="245"><subfield code="a">Chicago daily drovers journal.</subfield></datafield><datafield ind1="1" ind2=" " tag="246"><subfield code="i">Published as:</subfield><subfield code="a">Chicago live stock world Chicago daily drovers journal</subfield><subfield code="f">June 23, 1917-&lt;&gt;</subfield></datafield><datafield ind1="1" ind2=" " tag="246"><subfield code="i">Published as:</subfield><subfield code="a">Chicago daily drovers journal the Chicago live stock world</subfield><subfield code="f">&lt;June 26, 1917&gt;-June 29, 1918</subfield></datafield><datafield ind1="1" ind2="7" tag="246"><subfield code="a">Chicago daily drovers journal and live stock world</subfield><subfield code="f">June 23-25, 1917</subfield></datafield><datafield ind1="1" ind2="7" tag="246"><subfield code="a">Chicago daily drovers journal and the live stock world</subfield><subfield code="f">June 26-July 2, 1917</subfield></datafield><datafield ind1="1" ind2="7" tag="246"><subfield code="a">Chicago daily drovers journal and the Chicago live stock world</subfield><subfield code="f">July 3, 1917-June 29, 1918</subfield></datafield><datafield ind1=" " ind2=" " tag="260"><subfield code="a">Chicago, Ill. :</subfield><subfield code="b">Drovers Journal Pub. Co.,</subfield><subfield code="c">1917-1960.</subfield></datafield><datafield ind1=" " ind2=" " tag="300"><subfield code="a">v.</subfield></datafield><datafield ind1=" " ind2=" " tag="310"><subfield code="a">Daily (except Sunday)</subfield></datafield><datafield ind1="0" ind2=" " tag="362"><subfield code="a">45th year, no. 141 (June 23, 1917)-88th year, no. 257 (Dec. 31, 1960).</subfield></datafield><datafield ind1=" " ind2=" " tag="515"><subfield code="a">Continues the numbering of Chicago daily farmers and drovers journal.</subfield></datafield><datafield ind1=" " ind2=" " tag="530"><subfield code="a">Also issued on microfilm from the University of Chicago.</subfield></datafield><datafield ind1=" " ind2=" " tag="580"><subfield code="a">Formed by the union of: Chicago daily farmers and drovers journal, and: Chicago live stock world.</subfield></datafield><datafield ind1=" " ind2="0" tag="650"><subfield code="a">Drovers</subfield><subfield code="z">United States</subfield><subfield code="v">Newspapers.</subfield></datafield><datafield ind1=" " ind2="0" tag="650"><subfield code="a">Meat industry and trade</subfield><subfield code="z">United States</subfield><subfield code="v">Newspapers.</subfield></datafield><datafield ind1=" " ind2="0" tag="650"><subfield code="a">Animal industry</subfield><subfield code="z">United States</subfield><subfield code="v">Newspapers.</subfield></datafield><datafield ind1=" " ind2="0" tag="650"><subfield code="a">Livestock workers</subfield><subfield code="z">United States</subfield><subfield code="v">Newspapers.</subfield></datafield><datafield ind1=" " ind2="0" tag="651"><subfield code="a">Chicago (Ill.)</subfield><subfield code="v">Newspapers.</subfield></datafield><datafield ind1=" " ind2="0" tag="651"><subfield code="a">Cook County (Ill.)</subfield><subfield code="v">Newspapers.</subfield></datafield><datafield ind1=" " ind2="7" tag="650"><subfield code="a">Drovers</subfield><subfield code="2">fast</subfield><subfield code="0">(OCoLC)fst00898469</subfield></datafield><datafield ind1=" " ind2="7" tag="650"><subfield code="a">Animal industry.</subfield><subfield code="2">fast</subfield><subfield code="0">(OCoLC)fst00809238</subfield></datafield><datafield ind1=" " ind2="7" tag="650"><subfield code="a">Livestock workers.</subfield><subfield code="2">fast</subfield><subfield code="0">(OCoLC)fst01000916</subfield></datafield><datafield ind1=" " ind2="7" tag="650"><subfield code="a">Meat industry and trade.</subfield><subfield code="2">fast</subfield><subfield code="0">(OCoLC)fst01013271</subfield></datafield><datafield ind1=" " ind2="7" tag="651"><subfield code="a">Illinois</subfield><subfield code="z">Chicago.</subfield><subfield code="2">fast</subfield><subfield code="0">(OCoLC)fst01204048</subfield></datafield><datafield ind1=" " ind2="7" tag="651"><subfield code="a">Illinois</subfield><subfield code="z">Cook County.</subfield><subfield code="2">fast</subfield><subfield code="0">(OCoLC)fst01205334</subfield></datafield><datafield ind1=" " ind2="7" tag="651"><subfield code="a">United States.</subfield><subfield code="2">fast</subfield><subfield code="0">(OCoLC)fst01204155</subfield></datafield><datafield ind1=" " ind2="7" tag="655"><subfield code="a">Newspapers.</subfield><subfield code="2">fast</subfield><subfield code="0">(OCoLC)fst01423814</subfield></datafield><datafield ind1=" " ind2=" " tag="752"><subfield code="a">United States</subfield><subfield code="b">Illinois</subfield><subfield code="c">Cook</subfield><subfield code="d">Chicago.</subfield></datafield><datafield ind1="0" ind2="8" tag="776"><subfield code="i">Online version:</subfield><subfield code="t">Chicago daily drovers journal (Chicago, Ill. : 1917)</subfield><subfield code="w">(OCoLC)902740551</subfield></datafield><datafield ind1="1" ind2="4" tag="780"><subfield code="t">Chicago daily farmers and drovers journal</subfield><subfield code="w">(DLC)sn 93062962</subfield><subfield code="w">(OCoLC)9962166</subfield></datafield><datafield ind1="1" ind2="4" tag="780"><subfield code="t">Chicago live stock world</subfield><subfield code="w">(DLC)sn2008060442</subfield><subfield code="w">(OCoLC)10015828</subfield></datafield><datafield ind1="0" ind2="0" tag="785"><subfield code="t">Drovers journal (Chicago, Ill. : 1961)</subfield><subfield code="x">0012-6454</subfield><subfield code="w">(DLC)sn 78000885</subfield><subfield code="w">(OCoLC)1775324</subfield></datafield><datafield ind1=" " ind2=" " tag="938"><subfield code="a">Kirtas Technologies, Inc.</subfield><subfield code="b">KRTS</subfield><subfield code="n">740148</subfield></datafield></record>